%! Author = artemsemidetnov
%! Date = 17.06.2022

